@article{sof_Parker_Goodwin_Kassim_2010,
  title = {{The R136 star cluster hosts several stars whose individual masses greatly exceed the accepted 150 M⊙ stellar mass limit}},
  volume = {408},
  url = {http://dx.doi.org/10.1111/j.1365-2966.2010.17167.x},
  doi = {10.1111/j.1365-2966.2010.17167.x},
  number = {2},
  journal = {Monthly Notices of the Royal Astronomical Society},
  publisher = {Oxford University Press},
  author = {Crowther, Paul A. and Schnurr, Olivier and Hirschi, Raphael and Yusof, Norhasliza and Parker, Richard J. and Goodwin, Simon P. and Kassim, Hasan Abu},
  year = {2010},
  month = {Oct},
  pages = {731-751},
}
